@misc{peters2023analytic,
      title={An analytic formula for entraining CAPE in mid-latitude storm environments}, 
      author={John M. Peters and Daniel R. Chavas and Hugh Morrison and Chun-Yian Su and Brice E. Coffer},
      year={2023},
      eprint={2301.04712},
      archivePrefix={arXiv},
      primaryClass={physics.ao-ph}
}
@misc{Peters2023,
 author = "John Peters", title = "{ECAPE scripts}", year = "2023", month = "2", url = "https://figshare.com/articles/software/ECAPE_scripts/21859818", doi = "10.6084/m9.figshare.21859818.v4" }

@misc{metpy,
  author = {May, Ryan M. and Arms, Sean C. and Marsh, Patrick and Bruning, Eric and Leeman,
            John R. and Goebbert, Kevin and Thielen, Jonathan E. and Bruick, Zachary S and Camron, M. Drew.},
  organization = {Unidata},
  title = {MetPy: A {Python} Package for Meteorological Data},
  year = {2023},
  version = {1.5.0},
  doi = {10.5065/D6WW7G29},
  url = {Unidata/MetPy},
}